@inproceedings{alvinn,
 author = {Pomerleau, Dean A.},
 booktitle = {Advances in Neural Information Processing Systems},
 editor = {D. Touretzky},
 pages = {},
 publisher = {Morgan-Kaufmann},
 title = {ALVINN: An Autonomous Land Vehicle in a Neural Network},
 url = {https://proceedings.neurips.cc/paper/1988/file/812b4ba287f5ee0bc9d43bbf5bbe87fb-Paper.pdf},
 volume = {1},
 year = {1988}
}


@article{le2022survey,
  title={A Survey on Imitation Learning Techniques for End-to-End Autonomous Vehicles},
  author={Le Mero, Luc and Yi, Dewei and Dianati, Mehrdad and Mouzakitis, Alexandros},
  journal={IEEE Transactions on Intelligent Transportation Systems},
  year={2022},
  publisher={IEEE}
}
@article{graser2019movingpandas,
  title={MovingPandas: efficient structures for movement data in Python},
  author={Graser, Anita},
  journal={GIForum},
  volume={1},
  pages={54--68},
  year={2019}
}